%bibliografia 

@article{bryant2018critical,
	title={A critical role for thermosensation in host seeking by skin-penetrating nematodes},
	author={Bryant, Astra S and Ruiz, Felicitas and Gang, Spencer S and Castelletto, Michelle L and Lopez, Jacqueline B and Hallem, Elissa A},
	journal={Current Biology},
	volume={28},
	number={14},
	pages={2338--2347},
	year={2018},
	publisher={Elsevier}
}


@article{castelletto2014diverso,
	title={Diversos comportamientos de búsqueda de huéspedes de los nematodos que penetran la piel},
	autor={Castelletto, Michelle L y Gang, Spencer S y Okubo, Ryo P y Tselikova, Anastassia A y Nolan, Thomas J y Platzer, Edward G y Lok, James B y Hallem, Elissa A},
	diario = {patógenos PLoS},
	volumen={10},
	numero={8},
	páginas = {e1004305},
	año={2014},
	editor={Biblioteca Pública de Ciencias de San Francisco, EE. UU.}
}


1
@book{anderson1992infectious,
	title={Infectious diseases of humans: dynamics and control},
	author={Anderson, Roy M and May, Robert M},
	year={1992},
	publisher={Oxford university press}
}

2
@article{may1977togetherness,
	title={Togetherness among schistosomes: its effects on the dynamics of the infection},
	author={May, Robert M},
	journal={Mathematical Biosciences},
	volume={35},
	number={3-4},
	pages={301--343},
	year={1977},
	publisher={Elsevier}
}

3
@article{may1993biased,
	title={Biased sex ratios and parasite mating probabilities},
	author={May, RM and Woolhouse, MEJ},
	journal={Parasitology},
	volume={107},
	number={3},
	pages={287--295},
	year={1993},
	publisher={Cambridge University Press}
}

4
@article{leyton1968stochastic,
	title={Stochastic models in populations of helminthic parasites in the definitive host, II: sexual mating functions},
	author={Leyton, MK},
	journal={Mathematical Biosciences},
	volume={3},
	pages={413--419},
	year={1968},
	publisher={Elsevier}
}

5
@book{johnson2005univariate,
	title={Univariate discrete distributions},
	author={Johnson, NL and Kemp, AW and Kotz, S},
	year={2005},
	publisher={John Wiley \& Sons}
}

6
@article{walker2009density,
	title={Density-dependent effects on the weight of female Ascaris lumbricoides infections of humans and its impact on patterns of egg production},
	author={Walker, M and Hall, A and Anderson, RM and Bas{\'a}{\~n}ez, MG},
	journal={Parasites \& Vectors},
	volume={2},
	number={1},
	pages={11},
	year={2009},
	publisher={Springer}
}

7
@article{hall2000geographical,
	title={Geographical variation in Ascaris lumbricoides fecundity and its implications for helminth control},
	author={Hall, A and Holland, C},
	journal={Parasitology Today},
	volume={16},
	number={12},
	pages={540--544},
	year={2000},
	publisher={Elsevier}
}

8
@article{anderson1985helminth,
	title={Helminth infections of humans: mathematical models, population dynamics, and control},
	author={Anderson, RM and May, RM},
	journal={Advances in parasitology},
	volume={24},
	pages={1--101},
	year={1985},
	publisher={Elsevier}
}


9
@article{truscott2014modeling,
	title={Modeling the interruption of the transmission of soil-transmitted helminths by repeated mass chemotherapy of school-age children},
	author={Truscott, J and Hollingsworth, TD and Anderson, RM},
	journal={PLoS neglected tropical diseases},
	volume={8},
	number={12},
	pages={e3323},
	year={2014},
	publisher={Public Library of Science San Francisco, USA}
}


10
@article{churcher2005density,
	title={Density dependence and overdispersion in the transmission of helminth parasites},
	author={Churcher, TS and Ferguson, NM and Bas{\'a}{\~n}ez, MG},
	journal={Parasitology},
	volume={131},
	number={1},
	pages={121--132},
	year={2005},
	publisher={Cambridge University Press}
}

11
@article{churcher2006density,
	title={Density dependence and the control of helminth parasites},
	author={Churcher, TS and Filipe, JA and Bas{\'a}{\~n}ez, MG},
	journal={Journal of animal ecology},
	pages={1313--1320},
	year={2006},
	publisher={JSTOR}
}


12
@article{lahmar2001frequency,
	title={Frequency distributions of Echinococcus granulosus and other helminths in stray dogs in Tunisia},
	author={Lahmar, S and Kilani, M and Torgerson, PR},
	journal={Annals of Tropical Medicine \& Parasitology},
	volume={95},
	number={1},
	pages={69--76},
	year={2001},
	publisher={Taylor \& Francis}
}


13
@article{bundy1987epidemiology,
	title={Epidemiology and population dynamics of Ascaris lumbricoides and Trichuris trichiura infection in the same community},
	author={Bundy, DAP and Cooper, ES and Thompson, DE and Didier, JM and Simmons, I},
	journal={Transactions of the Royal Society of Tropical Medicine and Hygiene},
	volume={81},
	number={6},
	pages={987--993},
	year={1987},
	publisher={Elsevier}
}


14
@article{hoagland1978necator,
	title={Necator americanus and Ancylostoma duodenale: life history parameters and epidemiological implications of two sympatric hookworms of humans},
	author={Hoagland, KE and Schad, GA},
	journal={Experimental Parasitology},
	volume={44},
	number={1},
	pages={36--49},
	year={1978},
	publisher={Elsevier}
}

15
@article{seo1979frequency,
	title={Frequency distribution of Ascaris lumbricoides in rural Koreans with special reference on the effect of changing endemicity},
	author={Seo, BS and Cho, SY and Chai, JY},
	journal={The Korean Journal Parasitology},
	volume={17},
	number={2},
	pages={105--113},
	year={1979}
}

15a
@article{seo1979egg,
	title={Egg discharging patterns of Ascaris lumbricoides in low worm burden cases},
	author={Seo, B S and Cho, SY and Chai, JY},
	journal={The Korean Journal of Parasitology},
	volume={17},
	number={2},
	pages={98--104},
	publisher={The Korean Society for Parasitology and Tropical Medicine}
}


16
@article{abdybekova2012frequency,
	title={Frequency distributions of helminths of wolves in Kazakhstan},
	author={Abdybekova, AM and Torgerson, PR},
	journal={Veterinary Parasitology},
	volume={184},
	number={2},
	pages={348--351},
	year={2012},
	publisher={Elsevier}
}


17
@article{crofton1971quantitative,
	title={A quantitative approach to parasitism},
	author={Crofton, HD},
	journal={Parasitology},
	volume={62},
	number={2},
	pages={179--193},
	year={1971},
	publisher={Cambridge University Press}
}

18
@article{denwood2008distribution,
	title={The distribution of the pathogenic nematode Nematodirus battus in lambs is zero-inflated},
	author={Denwood, MJ and Stear, MJ and Matthews, L and Reid, SWJ and Toft, N and Innocent, GT},
	journal={Parasitology},
	volume={135},
	number={10},
	pages={1225--1235},
	year={2008},
	publisher={Cambridge University Press}
}


19
@article{ziadinov2010frequency,
	title={Frequency distribution of Echinococcus multilocularis and other helminths of foxes in Kyrgyzstan},
	author={Ziadinov, I and Deplazes, P and Mathis, A and Mutunova, B and Abdykerimov, K and Nurgaziev, R and Torgerson, PR},
	journal={Veterinary parasitology},
	volume={171},
	number={3},
	pages={286--292},
	year={2010},
	publisher={Elsevier}
}


@misc{who2022,
	author       = {WHO},
	title        = {Soil-transmitted helminth infections},
	howpublished = {Available in: \url{https://www.who.int/news-room/fact-sheets/detail/soil-transmitted-helminth-infections}},
	month        = {},
	year         = {2022},
	note         = {World Health Organization [Online]},
	annote       = {}
}

@misc{paho2022,
	author       = {PAHO},
	title        = {Soil-transmitted helminthiasis},
	howpublished = {Available in: \url{https://www.paho.org/en/topics/soil-transmitted-helminthiasis}},
	month        = {},
	year         = {2022},
	note         = {Pan American Health Organization [Online]},
	annote       = {Pan American Health Organization}
}




==================================FIN====================================
 











